=LDR  01868 am a22005053  4500
=001  016519021
=003  Uk
=005  20200626182906.0
=007  cr\mn\024mpada
=008  900912|1915||||enk\\\\|s\\\\\|||\||eng\\
=FMT  \\$a  BK
=019  x\$a3512590071
=040  \\$aUk$cUk
=100  1\$aWilkinson, Norman,$d1878-1971.
=245  14$aThe Dardanelles: colour sketches from Gallipoli, etc.
=264  \1$aLondon :$bLongmans & Co,$c1915.
=300  \\$aviii, 118 pages ;$c(4º)
=336  \\$atext$2rdacontent
=337  \\$acomputer$2rdamedia
=338  \\$aonline$2rdacarrier
=650  \0$aWorld War, 1914-1918$xCampaigns$zBalkan Peninsula.
=655  \4$aBook
=859  \\$aXLD$bWW1
=852  4\$cDRT$jDigital Store 9082.g.15.$aBritish Library$bHMNTS
=985  \\$aCorrected by BSS-generated file for WR# 11/216
=985  \\$aCorrected by MS generated file for WR# 12.037
=985  \\$aEnhanced by MS generated file for WR# 12/139
=985  \\$aCorrected by MS generated file for WR# 1805-0738
=CAT  \\$aBATCH-DCW$b00$c20131013$lBLL01$h1752
=CAT  \\$aWR14.046$c20140417$lBLL01$h1725
=CAT  \\$aWR13.144/5$c20140418$lBLL01$h1048
=CAT  \\$a10969$b40$c20150619$lBLL01$h1351
=CAT  \\$aBATCH-RIGH$c20170607$lBLL01$h1816
=CAT  \\$aR1706-1834$c20170629$lBLL01$h1227
=CAT  \\$a1805-0738$c20181228$lBLL01$h1834
=CAT  \\$a1805-0738$b00$c20181228$lBLL01$h1918
=CAT  \\$aW2001-2376$c20200626$lBLL01$h1829
=FIN  \\$aY$d20131013
=LKR  \\$aPAR$lBLL01$r776$b003927403$mThe Dardanelles: colour sketches from Gallipoli, etc.$nThe Dardanelles: colour sketches from Gallipoli, etc.
=DGM  \\$a003927403$bCatBridge variable field
=DRT  \\$aWW1
=SRC  \\$aWW1$bEuropeana_Collections_1914-1918_20131002_1
=STA  \\$aSUPPRESSED$bIn copyright
=OHC  \\$a1
=LAS  \\$aW2001-2376$b00$c20200626$lBLL01$h1829

