=LDR  02314 am a22005053  4500
=001  016606560
=003  Uk
=005  20200626183318.0
=007  cr\mn\024mpada
=008  871223|1919||||enk\\\\|s\\\\\|||\||eng\\
=FMT  \\$a  BK
=019  x\$a0351900136
=040  \\$aUk$cUk
=100  1\$aBoas, Harold,$d1883-1980.
=245  14$aThe Australian Y.M.C.A. with the Jewish Soldier of the Australian Imperial Force. Together with a general survey of the operations of the Australian Jewish Chaplaincy Department and the English Jewish War Services.
=264  \1$aLondon,$c1919.
=300  \\$a207 pages ;$c(8º)
=336  \\$atext$2rdacontent
=337  \\$acomputer$2rdamedia
=338  \\$aonline$2rdacarrier
=650  \0$aWorld War, 1914-1918$vPersonal narratives.
=655  \4$aBook
=859  \\$aXLD$bWW1
=852  4\$cDRT$jDigital Store 09079.a.58.$aBritish Library$bHMNTS
=985  \\$aCorrected by BSS-generated file for WR# 11/031
=985  \\$aCorrected by MS generated file for WR# 12.037
=985  \\$aEnhanced by MS generated file for WR# 12/139
=985  \\$aCorrected by MS generated file for WR# 1805-0738
=CAT  \\$aBATCH-DCW$b00$c20140120$lBLL01$h0137
=CAT  \\$aWR14.046$c20140417$lBLL01$h1726
=CAT  \\$aWR13.144/5$c20140418$lBLL01$h1050
=CAT  \\$a10969$b40$c20150619$lBLL01$h1336
=CAT  \\$aBATCH-RIGH$c20170607$lBLL01$h1816
=CAT  \\$aR1706-1834$c20170629$lBLL01$h1227
=CAT  \\$a1805-0738$c20181228$lBLL01$h1836
=CAT  \\$a1805-0738$b00$c20181228$lBLL01$h1920
=CAT  \\$aW2001-2376$c20200626$lBLL01$h1833
=FIN  \\$aY$d20140120
=LKR  \\$aPAR$lBLL01$r776$b000385111$mThe Australian Y.M.C.A. with the Jewish Soldier of the Australian Imperial Force. Together with a general survey of the operations of the Australian Jewish Chaplaincy Department and the English Jewish War Services.$nThe Australian Y.M.C.A. with the Jewish Soldier of the Australian Imperial Force. Together with a general survey of the operations of the Australian Jewish Chaplaincy Department and the English Jewish War Services.
=DGM  \\$a000385111$bCatBridge variable field
=DRT  \\$aWW1
=SRC  \\$aWW1$bEuropeana_Collections_1914-1918_20140109
=STA  \\$aSUPPRESSED$bIn copyright
=OHC  \\$a1
=LAS  \\$aW2001-2376$b00$c20200626$lBLL01$h1833

