=LDR  02259 am a22005653  4500
=001  016606563
=003  Uk
=005  20200626183318.0
=007  cr\mn\024mpada
=008  880510|1919||||at\\\\\|s\\\\\|||\||eng\\
=FMT  \\$a  BK
=019  x\$a0864070187
=040  \\$aUk$cUk
=100  10$aDowning, W. H.$q(Walter Hubert),$d1893-1965.
=245  10$aDigger Dialects. A collection of slang phrases used by the Australian soldiers on active service.
=264  \1$aMeobourne ;$aSydney :$bLothian Book Publishing Co,$c[1919]
=300  \\$a60 pages ;$c(8º)
=336  \\$atext$2rdacontent
=337  \\$acomputer$2rdamedia
=338  \\$aonline$2rdacarrier
=650  \0$aWorld War, 1914-1918.
=655  \4$aBook
=859  \\$aXLD$bWW1
=852  4\$cDRT$jDigital Store X.989/4094.$aBritish Library$bHMNTS
=985  \\$aCorrected by MS generated file for WR# 12.037
=985  \\$aEnhanced by MS generated file for WR# 12/139
=985  \\$aEnhanced by MS generated file for WR# 13/021
=985  \\$aEnhanced by MS generated file for WR# 13/054
=985  \\$aCorrected by MS generated file for WR# 1805-0738
=CAT  \\$aBATCH-DCW$b00$c20140120$lBLL01$h0137
=CAT  \\$aWR14.046$c20140417$lBLL01$h1726
=CAT  \\$aWR13.144/5$c20140418$lBLL01$h1050
=CAT  \\$a10969$b40$c20150619$lBLL01$h1320
=CAT  \\$a10969$b40$c20150619$lBLL01$h1322
=CAT  \\$a10969$b40$c20150619$lBLL01$h1323
=CAT  \\$a10969$b40$c20150619$lBLL01$h1331
=CAT  \\$a10969$b40$c20150619$lBLL01$h1342
=CAT  \\$aBATCH-RIGH$c20170607$lBLL01$h1816
=CAT  \\$aR1706-1834$c20170629$lBLL01$h1227
=CAT  \\$a1805-0738$c20181228$lBLL01$h1836
=CAT  \\$a1805-0738$b00$c20181228$lBLL01$h1920
=CAT  \\$aW2001-2376$c20200626$lBLL01$h1833
=FIN  \\$aY$d20140120
=LKR  \\$aPAR$lBLL01$r776$b000976959$mDigger Dialects. A collection of slang phrases used by the Australian soldiers on active service.$nDigger Dialects. A collection of slang phrases used by the Australian soldiers on active service.
=DGM  \\$a000976959$bCatBridge variable field
=DRT  \\$aWW1
=SRC  \\$aWW1$bEuropeana_Collections_1914-1918_20140109
=STA  \\$aSUPPRESSED$bIn copyright
=OHC  \\$a1
=LAS  \\$aW2001-2376$b00$c20200626$lBLL01$h1833

