=LDR  02416 am a2200529 a 4500
=001  016606570
=003  Uk
=005  20150619135300.0
=007  cr\mn\024mpada
=008  890726s1926\\\\nz\abc\\s\\\\o000\0\eng\\
=FMT  \\$a  BK
=019  x\$a2352710235
=040  \\$aUk$cUk$dUk
=082  04$a940.41293$221
=100  1\$aCowan, James,$d1870-1943.
=245  14$aThe Maoris in the Great War :$ba history of the New Zealand Native Contingent and Pioneer Battalion, Gallipoli, 1915, France and Flanders, 1916-1918 /$cby James Cowan.
=260  \\$aAuckland :$bMaori Regimental Committee,$c1926.
=300  \\$axii, 180 p., [28] leaves of plates (some folded) :$bill., maps, ports. ;$c22 cm
=336  \\$atext$2rdacontent
=337  \\$acomputer$2rdamedia
=338  \\$aonline$2rdacarrier
=610  10$aNew Zealand.$bArmy.$bPioneer Battalion$xHistory.
=650  \0$aWorld War, 1914-1918$xCampaigns$zBelgium.
=650  \0$aWorld War, 1914-1918$xCampaigns$zFrance.
=650  \0$aWorld War, 1914-1918$xCampaigns$zTurkey$zGallipoli Peninsula.
=650  \0$aWorld War, 1914-1918$xParticipation, Maori.
=650  \0$aWorld War, 1914-1918$xRegimental histories$zNew Zealand.
=710  1\$aNew Zealand.$bMaori Regimental Committee.
=859  \\$aXLD$bWW1
=852  4\$cDRT$jDigital Store 09081.b.20.$aBritish Library$bHMNTS
=985  \\$aCorrected by BSS-generated file for WR# 11/048
=985  \\$aCorrected by MS generated file for WR# 12.037
=985  \\$aEnhanced by MS generated file for WR# 12/139
=CAT  \\$aBATCH-DCW$b00$c20140120$lBLL01$h0137
=CAT  \\$aWR14.046$c20140417$lBLL01$h1726
=CAT  \\$aWR13.144/5$c20140418$lBLL01$h1050
=CAT  \\$a10969$b40$c20150619$lBLL01$h1353
=CAT  \\$aBATCH-RIGH$c20170607$lBLL01$h1816
=CAT  \\$aR1706-1834$c20170629$lBLL01$h1227
=FIN  \\$aY$d20140120
=LKR  \\$aPAR$lBLL01$r776$b002639929$mThe Maoris in the Great War : a history of the New Zealand Native Contingent and Pioneer Battalion, Gallipoli, 1915, France and Flanders, 1916-1918 /$nThe Maoris in the Great War : a history of the New Zealand Native Contingent and Pioneer Battalion, Gallipoli, 1915, France and Flanders, 1916-1918 /
=DGM  \\$a002639929$bCatBridge variable field
=DRT  \\$aWW1
=SRC  \\$aWW1$bEuropeana_Collections_1914-1918_20140109
=STA  \\$aSUPPRESSED$bIn copyright
=OHC  \\$a1
=LAS  \\$aR1706-1834$b00$c20170629$lBLL01$h1227

