=LDR  02221 am a22005293  4500
=001  016606571
=003  Uk
=005  20200626183318.0
=007  cr\mn\024mpada
=008  900125|1916||||enk\\\\|s\\\\\|||\||eng\\
=FMT  \\$a  BK
=019  x\$a2743660201
=040  \\$aUk$cUk
=100  1\$aRhind, Betty.
=245  10$aHe Maharatanga-in memory of the New Zealanders who fought and died in the Gallipoli campaign of the Great War ... Compiled by B. Rhind.
=264  \1$aLondon :$bSimpkin, Marshall & Co,$c[1916]
=300  \\$a27 pages ;$c(8º)
=336  \\$atext$2rdacontent
=337  \\$acomputer$2rdamedia
=338  \\$aonline$2rdacarrier
=650  \0$aWorld War, 1914-1918$xCampaigns$zBalkan Peninsula.
=655  \4$aBook
=859  \\$aXLD$bWW1
=852  4\$cDRT$jDigital Store 9081.ee.16.$aBritish Library$bHMNTS
=985  \\$aCorrected by BSS-generated file for WR# 11/160
=985  \\$aCorrected by MS generated file for WR# 12.037
=985  \\$aEnhanced by MS generated file for WR# 12/139
=985  \\$aEnhanced by MS generated file for WR# 13/021
=985  \\$aEnhanced by MS generated file for WR# 13/054
=985  \\$aCorrected by MS generated file for WR# 1805-0738
=CAT  \\$aBATCH-DCW$b00$c20140120$lBLL01$h0137
=CAT  \\$aWR14.046$c20140417$lBLL01$h1726
=CAT  \\$aWR13.144/5$c20140418$lBLL01$h1050
=CAT  \\$a10969$b40$c20150619$lBLL01$h1353
=CAT  \\$aBATCH-RIGH$c20170607$lBLL01$h1816
=CAT  \\$aR1706-1834$c20170629$lBLL01$h1227
=CAT  \\$a1805-0738$c20181228$lBLL01$h1836
=CAT  \\$a1805-0738$b00$c20181228$lBLL01$h1920
=CAT  \\$aW2001-2376$c20200626$lBLL01$h1833
=FIN  \\$aY$d20140120
=LKR  \\$aPAR$lBLL01$r776$b003085211$mHe Maharatanga-in memory of the New Zealanders who fought and died in the Gallipoli campaign of the Great War ... Compiled by B. Rhind.$nHe Maharatanga-in memory of the New Zealanders who fought and died in the Gallipoli campaign of the Great War ... Compiled by B. Rhind.
=DGM  \\$a003085211$bCatBridge variable field
=DRT  \\$aWW1
=SRC  \\$aWW1$bEuropeana_Collections_1914-1918_20140109
=STA  \\$aSUPPRESSED$bIn copyright
=OHC  \\$a1
=LAS  \\$aW2001-2376$b00$c20200626$lBLL01$h1833

