=LDR  02205 am a22005413  4500
=001  016606590
=003  Uk
=005  20200626183318.0
=007  cr\mn\024mpada
=008  871217|1916||||enk\\\\|s\\\\o|||\||eng\\
=FMT  \\$a  BK
=019  x\$a0142300179
=040  \\$aUk$cUk
=110  1\$aAustralia.$bAustralian Army.
=240  10$aMiscellaneous Official Publications
=245  14$aThe Anzac Book. Written and illustrated in Gallipoli by the Men of Anzac. (C. E. W. Bean, editor.).
=264  \1$aLondon :$bCassell & Co,$c1916.
=300  \\$axv, 169 pages ;$c(4º)
=336  \\$atext$2rdacontent
=337  \\$acomputer$2rdamedia
=338  \\$aonline$2rdacarrier
=650  \0$aWorld War, 1914-1918$xCampaigns$zBalkan Peninsula.
=655  \4$aBook
=700  1\$aBean, C. E. W.$q(Charles Edwin Woodrow),$d1879-1968.
=859  \\$aXLD$bWW1
=886  2\$2blmarc$a709$b00$aBEAN$hCharles Edwin Woodrow$p9082.h.13.$x022162001X
=852  4\$aBritish Library$bHMNTS$cDRT$jDigital Store 9082.h.13.
=985  \\$aCorrected by BSS-generated file for WR# 11/216
=985  \\$aCorrected by MS generated file for WR# 12.037
=985  \\$aEnhanced by MS generated file for WR# 12/139
=985  \\$aCorrected by MS generated file for WR# 1805-0738
=CAT  \\$aBATCH-DCW$b00$c20140120$lBLL01$h0218
=CAT  \\$aWR14.046$c20140417$lBLL01$h1726
=CAT  \\$aWR13.144/5$c20140418$lBLL01$h1050
=CAT  \\$a10969$b40$c20150619$lBLL01$h1334
=CAT  \\$aBATCH-RIGH$c20170607$lBLL01$h1816
=CAT  \\$aR1706-1834$c20170629$lBLL01$h1227
=CAT  \\$a1805-0738$c20181228$lBLL01$h1836
=CAT  \\$a1805-0738$b00$c20181228$lBLL01$h1920
=CAT  \\$aW2001-2376$c20200626$lBLL01$h1833
=FIN  \\$aY$d20140120
=LKR  \\$aPAR$lBLL01$r776$b000146825$mThe Anzac Book. Written and illustrated in Gallipoli by the Men of Anzac. (C. E. W. Bean, editor.).$nThe Anzac Book. Written and illustrated in Gallipoli by the Men of Anzac. (C. E. W. Bean, editor.).
=DGM  \\$a000146825$bCatBridge variable field
=DRT  \\$aWW1
=SRC  \\$aWW1$bEuropeana_Collections_1914-1918_20140113
=STA  \\$aSUPPRESSED$bIn copyright
=OHC  \\$a2
=LAS  \\$aW2001-2376$b00$c20200626$lBLL01$h1833

