=LDR  02282 am a22004813  4500
=001  016606592
=003  Uk
=005  20150619134752.0
=007  cr\mn\024mpada
=008  871217|1922||||at\\\\\|s\\\\o|||\||eng\\
=FMT  \\$a  BK
=019  x\$a0142320072
=040  \\$aUk$cUk
=110  1\$aAustralia.$bAustralian Army.$bAustralian Imperial Force (1914-1921).$bInfantry Battalion, 28th.
=245  14$aThe 28th. A record of war service with the Australian Imperial Force, 1915-1919. Volume 1. Egypt, Gallipoli, Lemnos Island, Sinai Peninsula. By Colonel H. B. Collett, etc.
=260  \\$aPerth :$bpublished by the Trustees of the Public Library, Museum and Art Gallery of Western Australia,$c1922.
=300  \\$axv, 219 p., plates :$bill., maps ;$c23 cm.
=336  \\$atext$2rdacontent
=337  \\$acomputer$2rdamedia
=338  \\$aonline$2rdacarrier
=500  \\$aImperfect; wanting all after vol. 1.
=650  \0$aWorld War, 1914-1918$xCampaigns$zBalkan Peninsula.
=655  \4$aBook
=700  1\$aCOLLETT, Herbert Brayley.
=859  \\$aXLD$bWW1
=886  2\$2blmarc$a709$b00$aCOLLETT$hHerbert Brayley$pX.809/16357.$x066099013X
=852  4\$cDRT$jDigital Store X.809/16357.$aBritish Library$bHMNTS
=985  \\$aCorrected by MS generated file for WR# 12.037
=985  \\$aEnhanced by MS generated file for WR# 12/139
=CAT  \\$aBATCH-DCW$b00$c20140120$lBLL01$h0218
=CAT  \\$aWR14.046$c20140417$lBLL01$h1726
=CAT  \\$aWR13.144/5$c20140418$lBLL01$h1050
=CAT  \\$a10969$b40$c20150619$lBLL01$h1347
=CAT  \\$aBATCH-RIGH$c20170607$lBLL01$h1816
=CAT  \\$aR1706-1834$c20170629$lBLL01$h1227
=FIN  \\$aY$d20140120
=LKR  \\$aPAR$lBLL01$r776$b000146870$mThe 28th. A record of war service with the Australian Imperial Force, 1915-1919. Volume 1. Egypt, Gallipoli, Lemnos Island, Sinai Peninsula. By Colonel H. B. Collett, etc.$nThe 28th. A record of war service with the Australian Imperial Force, 1915-1919. Volume 1. Egypt, Gallipoli, Lemnos Island, Sinai Peninsula. By Colonel H. B. Collett, etc.
=DGM  \\$a000146870$bCatBridge variable field
=DRT  \\$aWW1
=SRC  \\$aWW1$bEuropeana_Collections_1914-1918_20140113
=STA  \\$aSUPPRESSED$bIn copyright
=OHC  \\$a1
=LAS  \\$aR1706-1834$b00$c20170629$lBLL01$h1227

