=LDR  02597 am a22005533  4500
=001  016606614
=003  Uk
=005  20200626183318.0
=007  cr\mn\024mpada
=008  890726|1923||||nz\\\\\|s\\\\o|||\||eng\\
=FMT  \\$a  BK
=019  x\$a2352710154
=040  \\$aUk$cUk
=110  1\$aNEW ZEALAND.$bMilitary Forces.$bNew Zealand Contingent, British Expeditionary Force.$bNew Zealand Machine Gun Corps.
=245  10$aWith the Machine Gunners in France and Palestine. By Major J. H. Luxford ... The official history of the New Zealand Machine Gun Corps in the Great World War, 1914-1918. [With plates and maps.]
=264  \1$aAuckland :$bWhitcombe & Tombs,$c1923.
=300  \\$a255 pages ;$c(8º)
=336  \\$atext$2rdacontent
=337  \\$acomputer$2rdamedia
=338  \\$aonline$2rdacarrier
=650  \0$aWorld War, 1914-1918.
=655  \4$aBook
=700  1\$aLuxford, John Hector,$d1890-1971.
=859  \\$aXLD$bWW1
=886  2\$2blmarc$a709$b00$aLUXFORD$hJohn Hector$p9081.bbb.17.$x2032750236
=852  4\$cDRT$jDigital Store 9081.bbb.17.$aBritish Library$bHMNTS
=985  \\$aCorrected by BSS-generated file for WR# 11/211
=985  \\$aCorrected by MS generated file for WR# 12.037
=985  \\$aEnhanced by MS generated file for WR# 12/139
=985  \\$aEnhanced by MS generated file for WR# 13/021
=985  \\$aEnhanced by MS generated file for WR# 13/054
=985  \\$aCorrected by MS generated file for WR# 1805-0738
=CAT  \\$aBATCH-DCW$b00$c20140120$lBLL01$h0218
=CAT  \\$aWR14.046$c20140417$lBLL01$h1726
=CAT  \\$aWR13.144/5$c20140418$lBLL01$h1050
=CAT  \\$a10969$b40$c20150619$lBLL01$h1354
=CAT  \\$aBATCH-RIGH$c20170607$lBLL01$h1816
=CAT  \\$aR1706-1834$c20170629$lBLL01$h1227
=CAT  \\$a1805-0738$c20181228$lBLL01$h1836
=CAT  \\$a1805-0738$b00$c20181228$lBLL01$h1920
=CAT  \\$aW2001-2376$c20200626$lBLL01$h1833
=FIN  \\$aY$d20140120
=LKR  \\$aPAR$lBLL01$r776$b002639921$mWith the Machine Gunners in France and Palestine. By Major J. H. Luxford ... The official history of the New Zealand Machine Gun Corps in the Great World War, 1914-1918. [With plates and maps.]$nWith the Machine Gunners in France and Palestine. By Major J. H. Luxford ... The official history of the New Zealand Machine Gun Corps in the Great World War, 1914-1918. [With plates and maps.]
=DGM  \\$a002639921$bCatBridge variable field
=DRT  \\$aWW1
=SRC  \\$aWW1$bEuropeana_Collections_1914-1918_20140113
=STA  \\$aSUPPRESSED$bIn copyright
=OHC  \\$a1
=LAS  \\$aW2001-2376$b00$c20200626$lBLL01$h1833

