=LDR  02542 am a22005293  4500
=001  016606783
=003  Uk
=005  20200626183319.0
=007  cr\mn\024mpada
=008  000802|1922||||at\\\\\|s\\\\\|||\||eng\\
=FMT  \\$a  BK
=019  x\$a0142390003
=040  \\$aUk$cUk
=110  2\$aAustralian Comforts Fund (AUSTRALIA)
=245  14$aThe History of the Australian Comforts Fund. Being the official record of a voluntary civilian organisation ... during the Great War ... and until the return of all the Australian troops ... Edited and partly written by Samuel H. Bowden. [With plates.]
=264  \1$aSydney,$c[1922]
=300  \\$a421 pages ;$c(4º)
=336  \\$atext$2rdacontent
=337  \\$acomputer$2rdamedia
=338  \\$aonline$2rdacarrier
=650  \0$aWorld War, 1914-1918$xMedical care.
=655  \4$aBook
=700  1\$aBOWDEN, Samuel H.
=859  \\$aXLD$bWW1
=886  2\$2blmarc$a709$b00$aBOWDEN$hSamuel H.$p9084.gg.14.$x0394700244
=852  4\$aBritish Library$bHMNTS$cDRT$jDigital Store 9084.gg.14
=985  \\$aCorrected by BSS-generated file for WR# 11/211
=985  \\$aCorrected by MS generated file for WR# 12.037
=985  \\$aEnhanced by MS generated file for WR# 12/139
=985  \\$aCorrected by MS generated file for WR# 1805-0738
=CAT  \\$aBATCH-DCW$b00$c20140120$lBLL01$h1105
=CAT  \\$aWR14.046$c20140417$lBLL01$h1726
=CAT  \\$aWR13.144/5$c20140418$lBLL01$h1050
=CAT  \\$a10969$b40$c20150619$lBLL01$h1348
=CAT  \\$aBATCH-RIGH$c20170607$lBLL01$h1816
=CAT  \\$aR1706-1834$c20170629$lBLL01$h1227
=CAT  \\$a1805-0738$c20181228$lBLL01$h1836
=CAT  \\$a1805-0738$b00$c20181228$lBLL01$h1920
=CAT  \\$aW2001-2376$c20200626$lBLL01$h1833
=FIN  \\$aY$d20140120
=LKR  \\$aPAR$lBLL01$r776$b000146992$mThe History of the Australian Comforts Fund. Being the official record of a voluntary civilian organisation ... during the Great War ... and until the return of all the Australian troops ... Edited and partly written by Samuel H. Bowden. [With plates.]$nThe History of the Australian Comforts Fund. Being the official record of a voluntary civilian organisation ... during the Great War ... and until the return of all the Australian troops ... Edited and partly written by Samuel H. Bowden. [With plates.]
=DGM  \\$a000146992$bCatBridge variable field
=DRT  \\$aWW1
=SRC  \\$aWW1$bEuropeana_Collections_1914-1918_20140117
=STA  \\$aSUPPRESSED$bIn copyright
=OHC  \\$a1
=LAS  \\$aW2001-2376$b00$c20200626$lBLL01$h1833

